@article{Bernstein_2013,
   title="{Charged lepton flavor violation: An experimenter’s guide}",
   volume="{532}",
   ISSN="{0370-1573}",
   url="{http://dx.doi.org/10.1016/j.physrep.2013.07.002}",
   DOI="{10.1016/j.physrep.2013.07.002}",
   number="{2}",
   journal="{Physics Reports}",
   publisher="{Elsevier BV}",
   author="{Bernstein, R.H. and Cooper, Peter S.}",
   year="{2013}",
   month=nov, pages="{27-64}"
}
@article{kalmanf,
title="Kalman Filters: As Told by a Physicist to Physicists",
author="R. K. Kutschke",
year="2009",
journal="Mu2e-doc-557-v2"
}
@article{stntuple,
title="Stntuple package",
author="P. Murat, G. Pezzullo (Mu2e)",
year="{2017}",
journal="Mu2e-doc-13916-v1"
}
@article{PT,
title="{Production target (Hayman 2)-Requirement and Design}",
author="{D. R. Pushka}",
year="{2020}",
journal="{Mu2e internal doc. Database, doc-db-30814-v2}"
}
@article{muonflux,
   title="{Charged lepton flavor violation: An experimenter’s guide}",
   volume="{Review of Particle Physics}",
   journal="{Chin. Phys. C38}",
   author="{Olive, K. A. et al.}",
   year="{2014}",
}
@article{article,
author = {Su, Ning and Liu, Yuanyuan and Wang, Li and Wu, Bin and Cheng, Jianping},
year = {2021},
month = {10},
pages = {750159},
title = {A Comparison of Muon Flux Models at Sea Level for Muon Imaging and Low Background Experiments},
volume = {9},
journal = {Frontiers in Energy Research},
doi = {10.3389/fenrg.2021.750159}
}
@article{Hagmann2007CosmicraySG,
  title={Cosmic-ray shower generator (CRY) for Monte Carlo transport codes},
  author={Chris Hagmann and David Lange and Doug Wright},
  journal={2007 IEEE Nuclear Science Symposium Conference Record},
  year={2007},
  volume={2},
  pages={1143-1146},
  url={https://api.semanticscholar.org/CorpusID:24570080}
}
@misc{guan2015parametrization,
      title="{A parametrization of the cosmic-ray muon flux at sea-level}", 
      author="{Mengyun Guan and Ming-Chung Chu and Jun Cao and Kam-Biu Luk and Changgen Yang}",
      year="{2015}",
      eprint="{1509.06176}",
      archivePrefix="{arXiv}",
      primaryClass="{hep-ex}"
}
@article{clfv_signorelli,
title="{Charged Lepton Flavour Violation: An Experimental and Theoretical Introduction}",
place="{IT}",
   volume="{41}",
   ISSN="{0393697X, 0393697X}",
   url="{https://doi.org/10.1393/ncr/i2018-10144-0}",
   DOI="{10.1393/ncr/i2018-10144-0}",
   number="{2}",
   journal="{La Rivista del Nuovo Cimento}",
    author="{L. Cabibbi, G. Signorelli}",
   publisher="{SIF}",
   year="{2018}",
   month="{Jan}",
   pages="{71-174}"
   }

@misc{megiicollaboration2024search,
      title="{A search for $\mu^+ \to e^+\gamma$ with the first dataset of the MEG II experiment}", 
      author="{MEG II collaboration, A.M. Baldini et al.}",
      year="{2024}",
      eprint="{2310.12614}",
      archivePrefix="{arXiv}",
      primaryClass="{hep-ex}"
}
@article{cms17,
author ="{Sirunyan, Albert and Tumasyan, Armen and Adam, Wolfgang and Ambrogi, Federico and Asilar, Ece and Bergauer, Thomas and Brandstetter, Johannes and Brondolin, Erica and Dragicevic, Marko and Erö, Janos and Flechl, Martin and Friedl, Markus and Fruehwirth, Rudolf and Ghete, V. and Grossmann, Johannes and Hrubec, Josef and Jeitler, M. and König, Axel and Krammer, Natascha and Wyslouch, Boleslaw}",
year ="{2018}",
month ="{03}",
pages ="{}",
title ="{Search for lepton flavour violating decays of the Higgs boson to $\mu \tau$ and $e \tau$ in proton-proton collisions at $\sqrt{s}$ = 13 TeV}"
}
@article{PhysRevD.104.032013,
  title ="{Search for lepton flavour violating decays of the Higgs boson to $e$ and $e\mu$ in proton-proton collisions at $\sqrt{s}=8\text{ }\text{ }\mathrm{TeV}$}",
  collaboration ="{CMS Collaboration}",
  year ="{2016}",
  publisher ="{: Elsevier BV}",
  doi ="{10.1016/J.PHYSLETB.2016.09.062}",
  url ="{https://hdl.handle.net/1721.1/134602}"
}

@Article{universe4100101,
AUTHOR ="{Branchini, Paolo}",
TITLE ="{The Belle II Experiment: Status and Prospects}",
JOURNAL ="{Universe}",
VOLUME ="{4}",
YEAR ="{2018}",
NUMBER ="{10}",
ARTICLE-NUMBER ="{101}",
URL ="{https://www.mdpi.com/2218-1997/4/10/101}",
ISSN ="{2218-1997}",
DOI ="{10.3390/universe4100101}"
}

@article{Bennett_2016,
doi ="{10.1088/1742-6596/770/1/012044}",
url ="{https://dx.doi.org/10.1088/1742-6596/770/1/012044}",
year ="{2016}",
month ="{nov}",
publisher ="{IOP Publishing}",
volume ="{770}",
number ="{1}",
pages ="{012044}",
author ="{J Bennett}",
title ="{Belle II Physics Prospects, Status and Schedule}",
journal ="{Journal of Physics: Conference Series}"
}
@article{ABASHIAN2002117,
title ="{The Belle detector}",
journal ="{Nuclear Instruments and Methods in Physics Research Section A: Accelerators, Spectrometers, Detectors and Associated Equipment}",
volume ="{479}",
number ="{1}",
pages ="{117-232}",
year ="{2002}",
note ="{Detectors for Asymmetric B-factories}",
issn ="{0168-9002}",
doi ="{https://doi.org/10.1016/S0168-9002(01)02013-7}",
url ="{https://www.sciencedirect.com/science/article/pii/S0168900201020137}"
}

@article{SINDRUM:1987nra,
    author ="{Bellgardt, U. and others}",
    collaboration ="{SINDRUM}",
    title ="{Search for the Decay $\mu^+ \to e^+ e^+ e^-$}",
    reportNumber ="{SIN-PR-87-09}",
    doi ="{10.1016/0550-3213(88)90462-2}",
    journal ="{Nucl. Phys. B}",
    volume ="{299}",
    pages ="{1--6}",
    year ="{1988}"
}

@article{doi:10.1146/annurev-nucl-100809-131949,
author ="{De Gouv\^{e}a, Andr\'{e} and Saoulidou, Niki}",
title ="{Fermilab's Intensity Frontier}",
journal ="{Annual Review of Nuclear and Particle Science}",
volume ="{60}",
number ="{1}",
pages ="{513-538}",
year ="{2010}",
doi ="{10.1146/annurev-nucl-100809-131949}",

URL ="{ 
    
        https://doi.org/10.1146/annurev-nucl-100809-131949
    

}"

}
@article{Amhis_2021,
   title="{Averages of b-hadron, c-hadron, and $$\tau $$-lepton properties as of 2018: Heavy Flavor Averaging Group (HFLAV)}",
   volume="{81}",
   ISSN="{1434-6052}",
   url="{http://dx.doi.org/10.1140/epjc/s10052-020-8156-7}",
   DOI="{10.1140/epjc/s10052-020-8156-7}",
   number="{3}",
   journal="{The European Physical Journal C}",
   publisher="{Springer Science and Business Media LLC}",
   author="{Amhis Y. et al.}",
   year="{2021}",
   month="{mar}"
   }
@article{osti_1042577,
title ="{Fundamental physics at the intensity frontier. Report of the workshop held December 2011 in Rockville, MD.}",
author ="{Hewett, J L et al.}",
doi ="{10.2172/1042577}",
url ="{https://www.osti.gov/biblio/1042577}",
place ="{United States}",
year ="{2012}",
month ="{6}"
}
@inproceedings{CGroup:2022tli,
    author = "Aoki, M. and others",
    collaboration = "C. Group",
    title = "{A New Charged Lepton Flavor Violation Program at Fermilab}",
    booktitle = "{Snowmass 2021}",
    eprint = "2203.08278",
    archivePrefix = "arXiv",
    primaryClass = "hep-ex",
    reportNumber = "FERMILAB-CONF-22-314-AD-LBNF-PPD",
    month = "3",
    year = "2022"
}
@article{titanium,

    author ="{P. Wintz}",
    title ="{Proceedings of the First International Symposium on Lepton
and Baryon Number Violation}",
    journal ="{IOP Publishing}",
year ="{1998}",  
    pages="{534}"
}
@article{MEASDAY2001243,
title ="{The nuclear physics of muon capture}",
journal ="{Physics Reports}",
volume ="{354}",
number ="{4}",
pages ="{243-409}",
year ="{2001}",
issn ="{0370-1573}",
doi ="{https://doi.org/10.1016/S0370-1573(01)00012-6}",
url ="{https://www.sciencedirect.com/science/article/pii/S0370157301000126}",
author ="{D.F. Measday}"
}
@article{SINDRUMII:2006dvw,
    author = "Bertl, Wilhelm H. and others",
    collaboration = "SINDRUM II",
    title = "{A Search for muon to electron conversion in muonic gold}",
    doi = "10.1140/epjc/s2006-02582-x",
    journal = "Eur. Phys. J. C",
    volume = "47",
    pages = "337--346",
    year = "2006"
}
@article{Willmann:1998gd,
    author = "Willmann, L. and others",
    title = "{New bounds from searching for muonium to anti-muonium conversion}",
    eprint = "hep-ex/9807011",
    archivePrefix = "arXiv",
    reportNumber = "UHD-PI-MY-9812",
    doi = "10.1103/PhysRevLett.82.49",
    journal = "Phys. Rev. Lett.",
    volume = "82",
    pages = "49--52",
    year = "1999"
}


@article{Aubert_2010,
   title="{Searches for Lepton Flavor Violation in the Decays $\tau^{\pm}\rightarrow e^{\pm}\gamma$ and $\tau^{\pm}\rightarrow \mu^{\pm}\gamma$}",
   volume="{104}",
   ISSN="{1079-7114}",
   url="{http://dx.doi.org/10.1103/PhysRevLett.104.021802}",
   DOI="{10.1103/physrevlett.104.021802}",
   number="{2}",
   journal="{Physical Review Letters}",
   publisher="{American Physical Society (APS)}",
   author="{Aubert et al.}",
   year="{2010}",
   month="{jan}"
}
@article{Hayasaka_2010,
   title="{Search for lepton-flavor-violating $\tau$ decays into three leptons with 719 million produced $\tau^+ \tau^-$ pairs}",
   volume="{687}",
   ISSN="{0370-2693}",
   url="{http://dx.doi.org/10.1016/j.physletb.2010.03.037}",
   DOI="{10.1016/j.physletb.2010.03.037}",
   number="{2-3}",
   journal="{Physics Letters B}",
   publisher="{Elsevier BV}",
   author="{Hayasaka et al.}",
   year="{2010}",
   month="{apr}", pages="{139-143}"}
@article{KTeV:2007cvy,
    author = "{Abouzaid, E. and others}",
    collaboration = "{KTeV}",
    title = "{Search for lepton flavor violating decays of the neutral kaon}",
    eprint = "{0711.3472}",
    archivePrefix = "{arXiv}",
    primaryClass = "{hep-ex}",
    reportNumber = "{FERMILAB-PUB-07-646-E}",
    doi = "{10.1103/PhysRevLett.100.131803}",
    journal = "{Phys. Rev. Lett.}",
    volume = "{100}",
    pages = "{131803}",
    year = "{2008}"
}
@article{BNL:1998apv,
    author = "Ambrose, D. and others",
    collaboration = "BNL",
    title = "{New limit on muon and electron lepton number violation from K0(L) ---\ensuremath{>} mu+- e-+ decay}",
    eprint = "hep-ex/9811038",
    archivePrefix = "arXiv",
    doi = "10.1103/PhysRevLett.81.5734",
    journal = "Phys. Rev. Lett.",
    volume = "81",
    pages = "5734--5737",
    year = "1998"
}

@article{PhysRevD.72.012005,
  title ="{Improved upper limit on the decay ${K}^{+}\ensuremath{\rightarrow}{\ensuremath{\pi}}^{+}{\ensuremath{\mu}}^{+}{e}^{\ensuremath{-}}$}",
  author ="{A. Sher et al.}",
  journal ="{Phys. Rev. D}",
  volume ="{72}",
  issue ="{1}",
  pages ="{012005}",
  numpages ="{13}",
  year ="{2005}",
  month ="{Jul}",
  publisher ="{American Physical Society}",
  doi ="{10.1103/PhysRevD.72.012005}",
  url ="{https://link.aps.org/doi/10.1103/PhysRevD.72.012005}"
}
@article{PhysRevLett.111.141801,
  title ="{Search for the Lepton-Flavor-Violating Decays ${B}_{s}^{0}\ensuremath{\rightarrow}{e}^{\mathbf{\ifmmode\pm\else\textpm\fi{}}}{\ensuremath{\mu}}^{\mathbf{\ensuremath{\mp}}}$ and ${B}^{0}\ensuremath{\rightarrow}{e}^{\mathbf{\ifmmode\pm\else\textpm\fi{}}}{\ensuremath{\mu}}^{\mathbf{\ensuremath{\mp}}}$}",
  author ="{R. Aaij et al.}",
  collaboration ="{LHCb Collaboration}",
  journal ="{Phys. Rev. Lett.}",
  volume ="{111}",
  issue ="{14}",
  pages ="{141801}",
  numpages ="{9}",
  year ="{2013}",
  month ="{Sep}",
  publisher ="{American Physical Society}",
  doi ="{10.1103/PhysRevLett.111.141801}",
  url ="{https://link.aps.org/doi/10.1103/PhysRevLett.111.141801}"
}
@article{TheLHCbCollaboration2008,
doi ="{10.1088/1748-0221/3/08/S08005}",
url ="{https://dx.doi.org/10.1088/1748-0221/3/08/S08005}",
year ="{2008}",
month ="{aug}",
publisher ="{}",
volume ="{3}",
number ="{08}",
pages ="{S08005}",
author="{The LHCb Collaboration}"
}
@article{PhysRevD.77.091104,
  title ="{Searches for the decays ${B}^{0}\ensuremath{\rightarrow}{l}^{\ifmmode\pm\else\textpm\fi{}}{\ensuremath{\tau}}^{\ensuremath{\mp}}$ and ${B}^{+}\ensuremath{\rightarrow}{l}^{+}\ensuremath{\nu}$ ($l=e$, $\ensuremath{\mu}$) using hadronic tag reconstruction}",
  author ="{B. Auberta et al.}",
  collaboration ="{BABAR Collaboration}",
  journal ="{Phys. Rev. D}",
  volume ="{77}",
  issue ="{9}",
  pages ="{091104}",
  numpages ="{9}",
  year ="{2008}",
  month ="{May}",
  publisher ="{American Physical Society}",
  doi ="{10.1103/PhysRevD.77.091104}",
  url ="{https://link.aps.org/doi/10.1103/PhysRevD.77.091104}"
}
@article{Love_2008,
   title="{Search for Lepton Flavor Violation in Upsilon Decays}",
   volume="{101}",
   ISSN="{1079-7114}",
   url="{http://dx.doi.org/10.1103/PhysRevLett.101.201601}",
   DOI="{10.1103/physrevlett.101.201601}",
   number="{20}",
   journal="{Physical Review Letters}",
   publisher="{American Physical Society (APS)}",
   author="{W. Love et al.}",
   year="{2008}",
   month="{nov}" }
@article{ZHAO1994485,
title = {A study of electron drift velocity in Ar:CO2 and Ar:CO2:CF4 gas mixtures},
journal = {Nuclear Instruments and Methods in Physics Research Section A: Accelerators, Spectrometers, Detectors and Associated Equipment},
volume = {340},
number = {3},
pages = {485-490},
year = {1994},
issn = {0168-9002},
doi = {https://doi.org/10.1016/0168-9002(94)90129-5},
url = {https://www.sciencedirect.com/science/article/pii/0168900294901295},
author = {T. Zhao and Y. Chen and S. Han and J. Hersch}
}
@article{Aad_2014,
   title="{Search for the lepton flavor violating decay $Z \rightarrow e \mu$ with the ATLAS detector}",
   volume="{90}",
   ISSN="{1550-2368}",
   url="{http://dx.doi.org/10.1103/PhysRevD.90.072010}",
   DOI="{10.1103/physrevd.90.072010}",
   number="{7}",
   journal="{Physical Review D}",
   publisher="{American Physical Society (APS)}",
   author="{G. Aad et al., ATLAS Collaboration}",
   year="{2014}",
   month="{oct}" }

@article{akers,
    author ="{R. Akers et al., OPAL Collaboration}",
    title ="{A Search for lepton flavor violating Z$^0$ decays}",
    journal ="{Z. Phys. C 67}",
    year ="{1995}"
}
@article{abreu,
    author ="{P. Abreu et al., DELPHI Collaboration}",
    title ="{Search for lepton flavor number violating Z$^0$ decays}",
    journal ="{Z. Phys. C 73}",
    year ="{1997}"
}


@article{doi:10.1146/annurev.nucl.58.110707.171126,
author ="{Marciano et al.}",
title ="{Charged Lepton Flavor Violation Experiments}",
journal ="{Annual Review of Nuclear and Particle Science}",
volume ="{58}",
number ="{1}",
pages ="{315-341}",
year ="{2008}",
doi ="{10.1146/annurev.nucl.58.110707.171126}"
}
@article{MARCIANO1977303,
title ="{Exotic decays of the muon and heavy leptons in gauge theories}",
journal ="{Physics Letters B}",
volume ="{67}",
number ="{3}",
pages ="{303-305}",
year ="{1977}",
issn ="{0370-2693}",
doi ="{https://doi.org/10.1016/0370-2693(77)90377-X}",
author ="{W.J. Marciano and A.I. Sanda}"
}
@article{accelerator,
    author ="{S. J. Werkema}",
    title ="{CD-3c Review: Mu2e Accelerator Systems}",
    journal ="{(DOE CD-3c Review
2016-06-14), mu2e-doc-7530-v6}",
    year ="{2016}"
}
@article{ginther,
    author ="{G. Ginther}",
    title ="{CD-3c Review: Muon Beamline Overview}",
    journal ="{(DOE CD-3c Review 2016-06-14)}",
    year ="{mu2e-doc-7531-v5}"
}
@online{tsview,
    title        ="{MuonBeamlineIntro}",
    author       ="{Mu2e Collaboration}",
    url          ="{https://mu2ewiki.fnal.gov/wiki/MuonBeamlineIntro}",
    urldate      ="{03/03/2024}"
}
@article{Giovannella_2020,
doi ="{10.1088/1748-0221/15/06/C06022}",
url ="{https://dx.doi.org/10.1088/1748-0221/15/06/C06022}",
year ="{2020}",
month ="{jun}",
publisher ="{}",
volume ="{15}",
number ="{06}",
pages ="{C06022}",
author ="{S. Giovannella}",
title ="{The detectors of the Mu2e experiment}",
journal ="{Journal of Instrumentation}"
}
abstr
@article{stm,
    author ="{Palladino A., Quirk J. and Miller J.}",
    title ="{Mu2e Stopping-Target Monitor Baseline
Design. eng. Version 4. Fermi National Research Laboratory}",
    url ="{https://mu2e-docdb.fnal.gov/cgi-bin/sso/RetrieveFile?docid=
6453&filename=stm_design_memo.pdf&version=4}",
    year ="{Dec. 15, 2015}"
}
@misc{abusalma2018expression,
      title="{Expression of Interest for Evolution of the Mu2e Experiment}", 
      author="{F. Abusalma et al.}",
      year="{2018}",
      eprint="{1802.02599}",
      archivePrefix="{arXiv}",
      primaryClass="{physics.ins-det}"
}
@article{PhysRevD.76.059902,
  title ="{Erratum: Detailed calculation of lepton flavor violating muon-electron conversion rate for various nuclei [Phys. Rev. D 66, 096002 (2002)]}",
  author ="{Kitano, Ryuichiro and Koike, Masafumi and Okada, Yasuhiro}",
  journal ="{Phys. Rev. D}",
  volume ="{76}",
  issue ="{5}",
  pages ="{059902}",
  numpages ="{1}",
  year ="{2007}",
  month ="{Sep}",
  publisher ="{American Physical Society}",
  doi ="{10.1103/PhysRevD.76.059902}",
  url ="{https://link.aps.org/doi/10.1103/PhysRevD.76.059902}"
}

@article{PhysRevD.80.013002,
  title ="{Model discriminating power of $\ensuremath{\mu}\ensuremath{\rightarrow}e$ conversion in nuclei}",
  author ="{Cirigliano, Vincenzo and Kitano, Ryuichiro and Okada, Yasuhiro and Tuzon, Paula}",
  journal ="{Phys. Rev. D}",
  volume ="{80}",
  issue ="{1}",
  pages ="{013002}",
  numpages ="{13}",
  year ="{2009}",
  month ="{Jul}",
  publisher ="{American Physical Society}",
  doi ="{10.1103/PhysRevD.80.013002}",
  url ="{https://link.aps.org/doi/10.1103/PhysRevD.80.013002}"
}
@inproceedings{deeme,
author ="{TESHIMA, Natsuki}",
year ="{2018}",
month ="{02}",
pages ="{109}",
title ="{DeeMe experiment to search for muon to electron conversion at J-PARC MLF}",
doi ="{10.22323/1.295.0109}"
}
@conference{dukes,
    author ="{E. C. Dukes}",
    title ="{Mu2e-II: The Mu2e Experiment in the PIP-II Era}",
    key ="{(NuFact 2021 2021-09-08), mu2e-doc-39318-v3}",
    year ="{2021}"
}
@ARTICLE{6376120,
  author="{Kashikhin V. V. et al.}",
  journal="{IEEE Transactions on Applied Superconductivity}", 
  title="{Conceptual Design of the Mu2e Production Solenoid}", 
  year="{2013}",
  volume="{23}",
  number="{3}",
  pages="{4100604-4100604}",
  doi="{10.1109/TASC.2012.2232341}"
}
@article{suzuki,
  title ="{Total nuclear capture rates for negative muons}",
  author ="{Suzuki, T. and Measday, D. F. and Roalsvig, J. P.}",
  journal ="{Phys. Rev. C}",
  volume ="{35}",
  issue ="{6}",
  pages ="{2212--2224}",
  numpages ="{0}",
  year ="{1987}",
  month ="{Jun}",
  publisher ="{American Physical Society}",
  doi ="{10.1103/PhysRevC.35.2212}",
  url ="{https://link.aps.org/doi/10.1103/PhysRevC.35.2212}"
}

@InProceedings{Prebys:IPAC2015-THPF121,
  author       ="{E. Prebys and S.J. Werkema}",
  title        ="{{O}ut of {T}ime {B}eam {E}xtinction in the {M}u2e {E}xperiment}",
  booktitle    ="{Proc. 6th International Particle Accelerator Conference (IPAC'15),
                  Richmond, VA, USA, May 3-8, 2015}",
  pages        ="{3996--3999}",
  paper        ="{THPF121}",
  venue        ="{Richmond, VA, USA}",
  series       ="{International Particle Accelerator Conference}",
  number       ="{6}",
  publisher    ="{JACoW}",
  address      ="{Geneva, Switzerland}",
  month        ="{June}",
  year         ="{2015}",
  isbn         ="{978-3-95450-168-7}",
  doi          ="{https://doi.org/10.18429/JACoW-IPAC2015-THPF121}"
}
@article{PhysRevAccelBeams.20.111003,
  title ="{Accelerator performance analysis of the Fermilab Muon Campus}",
  author ="{Stratakis, Diktys and Convery, Mary E. and Johnstone, Carol and Johnstone, John and Morgan, James P. and Still, Dean and Crnkovic, Jason D. and Tishchenko, Vladimir and Morse, William M. and Syphers, Michael J.}",
  journal ="{Phys. Rev. Accel. Beams}",
  volume ="{20}",
  issue ="{11}",
  pages ="{111003}",
  numpages ="{10}",
  year ="{2017}",
  month ="{Nov}",
  publisher ="{American Physical Society}",
  doi ="{10.1103/PhysRevAccelBeams.20.111003}",
  url ="{https://link.aps.org/doi/10.1103/PhysRevAccelBeams.20.111003}"
}
@article{Abramishvili_2020,
   title="{COMET Phase-I technical design report}",
   volume="{2020}",
   ISSN="{2050-3911}",
   url="{http://dx.doi.org/10.1093/ptep/ptz125}",
   DOI="{10.1093/ptep/ptz125}",
   number="{3}",
   journal="{Progress of Theoretical and Experimental Physics}",
   publisher="{Oxford University Press (OUP)}",
   author="{Abramishvili R. et al.}",
   year="{2020}"
}
@article{Heck:1998vt,
    author = "Heck, D. and Knapp, J. and Capdevielle, J. N. and Schatz, G. and Thouw, T.",
    title = "{CORSIKA: A Monte Carlo code to simulate extensive air showers}",
    reportNumber = "FZKA-6019",
    month = "2",
    year = "1998"
}
@article{Cei_2020,
doi = {10.1088/1742-6596/1526/1/012020},
url = {https://dx.doi.org/10.1088/1742-6596/1526/1/012020},
year = {2020},
month = {apr},
publisher = {IOP Publishing},
volume = {1526},
number = {1},
pages = {012020},
author = {F Cei},
title = {Status and perspectives of Lepton Flavour Violation experiments with muons.},
journal = {Journal of Physics: Conference Series}
}

@article{universe9010054,
author ="Mu2e Collaboration",
title ="{Mu2e Run I Sensitivity Projections for the Neutrinoless $\mu ^- \rightarrow e ^-$ Conversion Search in Aluminum}",
journal ="{Universe}",
volume ="{9}",
year ="{2023}",
number ="{1}",
article-number ="{54}",
url="{https://www.mdpi.com/2218-1997/9/1/54}",
issn ="{2218-1997}",
doi ="{10.3390/universe9010054}"
}


@article{PhysRevD.84.013006,
  title ="{Muon decay in orbit: Spectrum of high-energy electrons}",
  author ="{Czarnecki, Andrzej and Garcia i Tormo, Xavier and Marciano, William J.}",
  journal ="{Phys. Rev. D}",
  volume ="{84}",
  issue ="{1}",
  pages ="{013006}",
  numpages ="{8}",
  year ="{2011}",
  month ="{Jul}",
  publisher ="{American Physical Society}",
  doi ="{10.1103/PhysRevD.84.013006}",
  url ="{https://link.aps.org/doi/10.1103/PhysRevD.84.013006}"
}


@Article{universe8060299,
AUTHOR ="{Ardu, Marco and Pezzullo, Gianantonio}",
TITLE ="{Introduction to Charged Lepton Flavor Violation}",
JOURNAL ="{Universe}",
VOLUME ="{8}",
YEAR ="{2022}",
NUMBER ="{6}",
ARTICLE-NUMBER ="{299}",
URL ="{https://www.mdpi.com/2218-1997/8/6/299}",
ISSN ="{2218-1997}",
DOI ="{10.3390/universe8060299}"
}
@article{PhysRevLett.10.531,
  title ="{Unitary Symmetry and Leptonic Decays}",
  author ="{Cabibbo, Nicola}",
  journal ="{Phys. Rev. Lett.}",
  volume ="{10}",
  issue ="{12}",
  pages ="{531--533}",
  numpages ="{0}",
  year ="{1963}",
  month ="{Jun}",
  publisher ="{American Physical Society}",
  doi ="{10.1103/PhysRevLett.10.531}",
  url ="{https://link.aps.org/doi/10.1103/PhysRevLett.10.531}"
}
@article{PhysRevLett.20.1205,
  title ="{Search for Neutrinos from the Sun}",
  author ="{Davis, Raymond and Harmer, Don S. and Hoffman, Kenneth C.}",
  journal ="{Phys. Rev. Lett.}",
  volume ="{20}",
  issue ="{21}",
  pages ="{1205--1209}",
  numpages ="{0}",
  year ="{1968}",
  month ="{May}",
  publisher ="{American Physical Society}",
  doi ="{10.1103/PhysRevLett.20.1205}",
  url ="{https://link.aps.org/doi/10.1103/PhysRevLett.20.1205}"
}

@article{vadimmu2e,
  title ="{Mu2e Tracker Front End Electronics}",
  author ="{V. L. Rusu}",
  journal ="{DOE IPR 2019 2019-12-10}",
  year ="{2019}",
  doi ="{mu2e-doc-30505-v3}"

}
@misc{bartoszek2015mu2e,
      title="{Mu2e Technical Design Report}", 
      author="{Mu2e Collaboration}",
      year="{2015}",
      eprint="{1501.05241}",
      archivePrefix="{arXiv}",
      primaryClass="{physics.ins-det}"
}
@article{trkreq,
 doi ="{mu2e-doc-732-v22}",
title="{Tracker Requirements Document}",
author="{R. Bernstein and A. Mukherjee}",
 year="{2016}"
}
@article{vadi,
    author ="{vadim}",
    title ="{vadim}",
   url="{https://mu2e-docdb.fnal.gov/cgi-bin/sso/ShowDocument?docid=3879&version=3}"
}
@inproceedings{trk,
    author ="{A. Mukherjee}",
    title ="{Mu2e Tracker}",
    booktitle ="{(DOE IPR 2017 2017-07-25), mu2e-doc-11567-v3}",
    year ="{2017}"
}
@techreport{drac,
    author ="{Richie Bonventre, Greg Deuerling, Vadim L Rusu}",
    title ="{Mu2e-doc-7849-v1}",
    year ="{2016}"
}
@article{GIOIOSA2023167732,
title ="{Status of the data acquisition, trigger, and slow control systems of the Mu2e experiment at Fermilab}",
journal ="{Nuclear Instruments and Methods in Physics Research Section A: Accelerators, Spectrometers, Detectors and Associated Equipment}",
volume ="{1046}",
pages ="{167732}",
year ="{2023}",
issn ="{0168-9002}",
doi ="{https://doi.org/10.1016/j.nima.2022.167732}",
url ="{https://www.sciencedirect.com/science/article/pii/S0168900222010245}",
author ="{Antonio Gioiosa et al.}"

}

@article{ryan,
    author ="{Ryan Rivera, Richard Kwarciany}",
    title ="{Mu2e Data Transfer Controller Module Hardware User Guide - Mu2e-doc-4097}",
    journal ="{Fermilab, United States Department of Energy}",
    year ="{2018}"
}
@article{wein,
  title ="{Baryon- and Lepton-Nonconserving Processes}",
  author ="{Weinberg, Steven}",
  journal ="{Phys. Rev. Lett.}",
  volume ="{43}",
  issue ="{21}",
  pages ="{1566--1570}",
  numpages ="{0}",
  year ="{1979}",
  month ="{Nov}",
  publisher ="{American Physical Society}",
  doi ="{10.1103/PhysRevLett.43.1566}",
  url ="{https://link.aps.org/doi/10.1103/PhysRevLett.43.1566}"
}
@article{Harnik_2013,
   title="{Flavor violating Higgs decays}",
   volume="{2013}",
   ISSN="{1029-8479}",
   url="{http://dx.doi.org/10.1007/JHEP03(2013)026}",
   DOI="{10.1007/jhep03(2013)026}",
   number="{3}",
   journal="{Journal of High Energy Physics}",
   publisher="{Springer Science and Business Media LLC}",
   author="{Harnik, Roni and Kopp, Joachim and Zupan, Jure}",
   year="{2013}",
   month="{mar}" 
}
@article{PhysRevD.10.275,
  title ="{Lepton number as the fourth "color"}",
  author ="{Pati, Jogesh C. and Salam, Abdus}",
  journal ="{Phys. Rev. D}",
  volume ="{10}",
  issue ="{1}",
  pages ="{275--289}",
  numpages ="{0}",
  year ="{1974}",
  month ="{Jul}",
  publisher ="{American Physical Society}",
  doi ="{10.1103/PhysRevD.10.275}",
  url ="{https://link.aps.org/doi/10.1103/PhysRevD.10.275}"
}
@article{DORSNER20161,
title ="{Physics of leptoquarks in precision experiments and at particle colliders}",
journal ="{Physics Reports}",
volume ="{641}",
pages ="{1-68}",
year ="{2016}",
note ="{Physics of leptoquarks in precision experiments and at particle colliders}",
issn ="{0370-1573}",
doi ="{https://doi.org/10.1016/j.physrep.2016.06.001}",
url ="{https://www.sciencedirect.com/science/article/pii/S0370157316301314}",
author ="{I. Doršner and S. Fajfer and A. Greljo and J.F. Kamenik and N. Košnik}"
}

@article{Leike_1999,
   title="{The phenomenology of extra neutral gauge bosons}",
   volume="{317}",
   ISSN="{0370-1573}",
   url="{http://dx.doi.org/10.1016/S0370-1573(98)00133-1}",
   DOI="{10.1016/s0370-1573(98)00133-1}",
   number="{3-4}",
   journal="{Physics Reports}",
   publisher="{Elsevier BV}",
   author="{Leike, A.}",
   year="{1999}",
   month="{aug}", pages="{143-250}"}
@article{zyla,
    author ="{Particle Data Group, Zyla et al.}",
    title = "{Review of Particle Physics}",
    journal ="{Progress of Theoretical and Experimental Physics}",
    volume ="{2020}",
    number ="{8}",
    pages ="{083C01}",
    year ="{2020}",
    month ="{08}",
    issn ="{2050-3911}",
    doi ="{10.1093/ptep/ptaa104}",
    url ="{https://doi.org/10.1093/ptep/ptaa104}",
    eprint ="{https://academic.oup.com/ptep/article-pdf/2020/8/083C01/34673722/ptaa104.pdf}"
}
@ARTICLE{bobbb,
  
AUTHOR="{Bernstein, Robert H.}",   
	 
TITLE="{The Mu2e Experiment}",      
	
JOURNAL="{Frontiers in Physics}",      
	
VOLUME="{7}",           
	
YEAR="{2019}",      
	  
URL="{https://www.frontiersin.org/articles/10.3389/fphy.2019.00001}",       
	
DOI="{10.3389/fphy.2019.00001}",      
	
ISSN="{2296-424X}"
}


@article{Kargiantoulakis_2020,
   title="{A search for charged lepton flavor violation in the Mu2e experiment}",
   volume="{35}",
   ISSN="{1793-6632}",
   url="{http://dx.doi.org/10.1142/S0217732320300074}",
   DOI="{10.1142/s0217732320300074}",
   number="{19}",
   journal="{Modern Physics Letters A}",
   publisher="{World Scientific Pub Co Pte Lt}",
   author="{Kargiantoulakis, Manolis}",
   year="{2020}",
   month="{apr}", pages="{2030007}"}
@article{TYamazaki_1975,
doi ="{10.1088/0031-8949/11/3-4/004}",
url ="{https://dx.doi.org/10.1088/0031-8949/11/3-4/004}",
year ="{1975}",
month ="{mar}",
publisher ="{}",
volume ="{11}",
number ="{3-4}",
pages ="{133}",
author ="{T. Yamazaki et al.}",
title ="{Negative Moun Spin Rotation}",
journal ="{Physica Scripta}"
}
@article{CRVposter,
    author ="{R. Ehrlich}",
    title ="{Cosmic Ray Backgrounds in the Mu2e Experiment at Fermilab}",
    url ="{https://indico.fnal.gov/event/11999/contributions/11447/attachments/7562/9672/poster_DPF2017_5.pdf}",
    year ="{2017}",
    journal="{DPF 2017 Poster 2017-07-31}"
}
@article{michel,
doi ="{10.1088/0370-1298/63/5/311}",
url ="{https://dx.doi.org/10.1088/0370-1298/63/5/311}",
year ="{1950}",
month ="{may}",
publisher ="{}",
volume ="{63}",
number ="{5}",
pages ="{514}",
author ="{L Michel}",
title ="{Interaction between Four Half-Spin Particles and the Decay of the $\mu$-Meson}",
journal ="{Proceedings of the Physical Society. Section A}"
}
@article{PhysRev.113.1652,
  title ="{Radiative Corrections to Fermi Interactions}",
  author ="{Kinoshita, Toichiro and Sirlin, Alberto}",
  journal ="{Phys. Rev.}",
  volume ="{113}",
  issue ="{6}",
  pages ="{1652--1660}",
  numpages ="{0}",
  year ="{1959}",
  month ="{Mar}",
  publisher ="{American Physical Society}",
  doi ="{10.1103/PhysRev.113.1652}",
  url ="{https://link.aps.org/doi/10.1103/PhysRev.113.1652}"
}
@article{gaponenko,
    author ="{A. Gaponenko}",
    title ="{Summary of backgrounds for CD3}",
    journal ="{(Mu2e Backgrounds 2017-06-08), mu2e-doc-7464-v13}",
    year ="{2017}"
}

@article{PhysRevC.59.2853,
  title ="{Radiative muon capture on O, Al, Si, Ti, Zr, and Ag}",
  author ="{Bergbusch et al.}",
  journal ="{Phys. Rev. C}",
  volume ="{59}",
  issue ="{5}",
  pages ="{2853--2864}",
  numpages ="{0}",
  year ="{1999}",
  month ="{May}",
  publisher ="{American Physical Society}",
  doi ="{10.1103/PhysRevC.59.2853}",
  url ="{https://link.aps.org/doi/10.1103/PhysRevC.59.2853}"
}
@article{PhysRevC.5.1867,
  title ="{Photon Spectra from Radiative Absorption of Pions in Nuclei}",
  author ="{Bistirlich, J. A. and Crowe, K. M. and Parsons, A. S. L. and Skarek, P. and Tru\"ol, P.}",
  journal ="{Phys. Rev. C}",
  volume ="{5}",
  issue ="{6}",
  pages ="{1867--1883}",
  numpages ="{0}",
  year ="{1972}",
  month ="{Jun}",
  publisher ="{American Physical Society}",
  doi ="{10.1103/PhysRevC.5.1867}",
  url ="{https://link.aps.org/doi/10.1103/PhysRevC.5.1867}"
}
@book{kola,
  title="{Particle detectors}",
  publisher="{ Oxford University Press}",
  year="{2020}",
  author="{H. Kolanoski, N. Wermes}"
  }
  @article{calo95,
doi = {10.1088/1748-0221/13/02/C02037},
url = {https://dx.doi.org/10.1088/1748-0221/13/02/C02037},
year = {2018},
month = {feb},
publisher = {},
volume = {13},
number = {02},
pages = {C02037},
author = {N. Atanov et al.},
title = {The Mu2e undoped CsI crystal calorimeter},
journal = {Journal of Instrumentation}
}
  @article{lobachev,

year = {1989},
publisher = "{Yad.Fiz.49}",
pages = "{622-624}",
author = "{R.M. Dzhilkibaev and V.M. Lobashev}",
title = "{On the search for $\mu \rightarrow e$ conversion process in a nucleus}",
}
@article{em1,
    author = "Atanov, Nikolay and others",
    title = "{The Mu2e Crystal and SiPM Calorimeter: Construction Status}",
    eprint = "2401.15609",
    archivePrefix = "arXiv",
    primaryClass = "physics.ins-det",
    doi = "10.1109/TNS.2023.3264757",
    journal = "IEEE Trans. Nucl. Sci.",
    volume = "70",
    number = "7",
    pages = "1281--1287",
    year = "2023"
}
@article{em2,
    author = "Ceravolo, S. and others",
    title = "{Design and qualification of the Mu2e electromagnetic calorimeter electronic system}",
    doi = "10.1016/j.nima.2022.167875",
    journal = "Nucl. Instrum. Meth. A",
    volume = "1047",
    pages = "167875",
    year = "2023"
}
@article{em3,
    author = "Atanov, Nikolay and others",
    title = "{Mu2e Crystal Calorimeter Readout Electronics: Design and Characterisation}",
    doi = "10.3390/instruments6040068",
    journal = "Instruments",
    volume = "6",
    number = "4",
    pages = "68",
    year = "2022"
}
@article{em4,
    author = "Atanov, Nikolay and others",
    title = "{The Mu2e Crystal Calorimeter: An Overview}",
    doi = "10.3390/instruments6040060",
    journal = "Instruments",
    volume = "6",
    number = "4",
    pages = "60",
    year = "2022"
}
@article{em5,
    author = "Morescalchi, Luca and others",
    collaboration = "Mu2e",
    title = "{The Readout Electronics of the Mu2e Electromagnetic Calorimeter}",
    reportNumber = "FERMILAB-CONF-22-329-V",
    doi = "10.22323/1.380.0113",
    journal = "PoS",
    volume = "PANIC2021",
    pages = "113",
    year = "2022"
}
@article{em6,
    author = "Atanov, N. and others",
    collaboration = "Mu2e",
    title = "{Towards the construction of the Mu2e electromagnetic calorimeter at Fermilab}",
    reportNumber = "FERMILAB-CONF-22-959-V",
    doi = "10.1088/1742-6596/2374/1/012021",
    journal = "J. Phys. Conf. Ser.",
    volume = "2374",
    number = "1",
    pages = "012021",
    year = "2022"
}
@article{em7,
    author = "Atanov, N. and others",
    title = "{The Mu2e Calorimeter Final Technical Design Report}",
    eprint = "1802.06341",
    archivePrefix = "arXiv",
    primaryClass = "physics.ins-det",
    reportNumber = "FERMILAB-DESIGN-2018-01",
    month = "2",
    year = "2018"
}
@misc{megiicollaboration2024operation,
      title="{Operation and performance of MEG II detector}", 
      author="{MEG II Collaboration}",
      year="{2024}",
      eprint="{2310.11902}",
      archivePrefix="{arXiv}",
      primaryClass="{physics.ins-det}"
}

@article{ megi,
    title="{Final results of the MEG experiment 2016}", 
    place="{IT}",
   volume="{39}",
   ISSN="{03905551, 03905551}",
   url="{https://doi.org/10.1393/ncc/i2016-16325-7}",
   DOI="{10.1393/ncc/i2016-16325-7}",
   number="{4}",
   journal="{Il Nuovo Cimento C}",
   publisher="{SIF}",
   year="{2016}",
   month="{Dec}",
   pages="{1-8}"
}
@article{sindrumi,
author ="{Eichler, Ralph and Grab, Christophorus}",
year ="{2021}",
month ="{09}",
pages ="{}",
title ="{The SINDRUM-I Experiment}",
journal ="{SciPost Physics Proceedings}",
doi ="{10.21468/SciPostPhysProc.5.007}"
}

@misc{hesketh2022mu3e,
      title="{The Mu3e Experiment}", 
      author="{Gavin Hesketh and Sean Hughes and Ann-Kathrin Perrevoort and Nikolaos Rompotis}",
      year="{2022}",
      eprint="{2204.00001}",
      archivePrefix="{arXiv}",
      primaryClass="{hep-ex}"
}
@article{papa,
author ="{Papa, Angela}",
year ="{2020}",
month ="{01}",
pages ="{01011}",
title ="{Towards a new generation of Charged Lepton Flavour Violation searches at the Paul Scherrer Institut: The MEG upgrade and the Mu3e experiment}",
volume ="{234}",
journal ="{EPJ Web of Conferences}",
doi ="{10.1051/epjconf/202023401011}"
}